@book{hefez,
title={Elementos de Aritmética},
author={Abramo Hefez},
publisher={Sociedade Brasileira de Matemática},
year={2005},
}

@book{neda,
title={Curso de Álgebra},
author={Abramo Hefez},
publisher={IMPA},
year={2010},
volume={1},
edition={4ª}
}

@book{adilson,
title={Introdução à Álgebra},
author={Adilson Gonçalves},
edition={5ª},
publisher={IMPA},
year={2001}
}

@book{yves,
title={Elementos de Álgebra},
author={Arnaldo Garcia; Yves Lequain},
publisher={IMPA},
year={2006},
edition={4ª}
}

@book{thomas,
title={Cálculo},
author={George B. Thomas},
edition={11ª},
volume={1},
publisher={Pearson Education},
year={2009}
}

@book{fme9,
title={Fundamentos de Matemática Elementar},
author={Osvaldo Dolce; José Nicolau Pompeo},
edition={7ª},
volume={9},
publisher={Atual Editora},
year={1997} 
}

@book{fme10,
title={Fundamentos de Matemática Elementar},
author={Osvaldo Dolce; José Nicolau Pompeo},
edition={5ª},
volume={10},
publisher={Atual Editora},
year={1993} 
}

@book{ticj,
title={Teoria Intuitiva dos Conjuntos},
author={Jair Minoro Abe; Nelson Papavero},
publisher={Makron Books},
year={1991},
edition={1ª}
}

@book{fme4,
title={Fundamentos de Matemática Elementar},
author={Gelson Iezzi; Samuel Hazzan},
publisher={Atual},
year={1993},
edition={6ª},
volume={4}
}

@book{matriz,
title={Matrizes, Determinantes, Sistemas de Equações Lineares},
author={José T. Baratojo; Kleber F. Figueiredo}
}

@book{cc1,
title={Um Curso de Cálculo},
volume={1},
author={Hamilton Luiz Guidorizzi},
publisher={LTC},
year={1985}
}

@book{cc2,
title={Um Curso de Cálculo},
volume={2},
author={Hamilton Luiz Guidorizzi},
publisher={LTC},
year={1985}
}

@book{cc3,
title={Um Curso de Cálculo},
volume={3},
author={Hamilton Luiz Guidorizzi},
publisher={LTC},
year={1985}
}

@book{ubira,
title={Cálculo e Introdução à Análise},
author={Ubiratan D'ambrosio},
publisher={Companhia Editora Nacional},
year={1975}
}

@book{impa,
title={Elementos de Álgebra},
author={L. H. Jacy Monteiro},
publisher={Ao Livro Técnico S.A.},
year={1971}
}